
@BOOK{Bourdieu2022332,
author={Bourdieu, P.},
title={Symbolic Power (1977)},
journal={Anthropological Theory: For the Twenty-First Century a Critical Approach},
year={2022},
pages={332-336},
note={cited By 0},
url={https://www.scopus.com/inward/record.uri?eid=2-s2.0-85136362752&partnerID=40&md5=49425422bada05c8201a0f2872f61508},
document_type={Book Chapter},
source={Scopus},
}

@BOOK{Bourdieu202171,
author={Bourdieu, P.},
title={Cultural reproduction and social reproduction},
journal={Routledge Library Editions: British Sociological Association},
year={2021},
volume={3},
pages={71-112},
note={cited By 1},
url={https://www.scopus.com/inward/record.uri?eid=2-s2.0-85122394732&partnerID=40&md5=b51de52e56ce3ecedf63854d5c02dee7},
document_type={Book Chapter},
source={Scopus},
}

@BOOK{Bourdieu2021406,
author={Bourdieu, P.},
title={Structures, Habitus, and Practices [1977]},
journal={Readings for a History of Anthropological Theory, Sixth Edition},
year={2021},
pages={406-414},
note={cited By 0},
url={https://www.scopus.com/inward/record.uri?eid=2-s2.0-85128043843&partnerID=40&md5=2f3c3b2df08b35f6349074da00da8fa0},
document_type={Book Chapter},
source={Scopus},
}

@BOOK{Bourdieu2020382,
author={Bourdieu, P.},
title={Justifying privilege},
journal={Not For Sale: In Defense Of Public Goods},
year={2020},
pages={382-382},
note={cited By 0},
url={https://www.scopus.com/inward/record.uri?eid=2-s2.0-85127996915&partnerID=40&md5=b72907bd8baa5111cac704edd4b8f4f7},
document_type={Book Chapter},
source={Scopus},
}

@BOOK{Bourdieu202089,
author={Bourdieu, P.},
title={A genuine critical internationalism},
journal={Not For Sale: In Defense Of Public Goods},
year={2020},
pages={89-92},
note={cited By 0},
url={https://www.scopus.com/inward/record.uri?eid=2-s2.0-85127995006&partnerID=40&md5=2808b8041960bb144079caab5f79cb98},
document_type={Book Chapter},
source={Scopus},
}

@BOOK{Bourdieu202087,
author={Bourdieu, P.},
title={BELIEF AND THE BODY},
journal={The Body: a Reader},
year={2020},
pages={87-91},
doi={10.4324/9781003060338-12},
note={cited By 10},
url={https://www.scopus.com/inward/record.uri?eid=2-s2.0-84903930952&doi=10.4324%2f9781003060338-12&partnerID=40&md5=de16fad6c084c8554c40ae680ef7803f},
document_type={Book Chapter},
source={Scopus},
}

@BOOK{Bourdieu201945,
author={Bourdieu, P. and De Saint Martin, M.},
title={The meaning of property: Real estate, class position, and the ideology of home ownership},
journal={Body Politics: Disease, Desire, and the Family},
year={2019},
pages={45-71},
doi={10.4324/9780429037672-4},
note={cited By 1},
url={https://www.scopus.com/inward/record.uri?eid=2-s2.0-85082465884&doi=10.4324%2f9780429037672-4&partnerID=40&md5=e260e056402ed5677b7265bb7274a997},
document_type={Book Chapter},
source={Scopus},
}

@BOOK{Bourdieu201871,
author={Bourdieu, P.},
title={Cultural reproduction and social reproduction},
journal={Knowledge, Education, and Cultural Change: Papers in the Sociology of Education},
year={2018},
volume={3},
pages={71-112},
note={cited By 748},
url={https://www.scopus.com/inward/record.uri?eid=2-s2.0-84924384215&partnerID=40&md5=1f8fb70271d6f349274bea9c8c29e095},
document_type={Book Chapter},
source={Scopus},
}

@BOOK{Bourdieu2018287,
author={Bourdieu, P.},
title={Distinction: A social critique of the judgement of taste},
journal={Inequality: Classic Readings in Race, Class, and Gender},
year={2018},
pages={287-318},
note={cited By 2},
url={https://www.scopus.com/inward/record.uri?eid=2-s2.0-85116835956&partnerID=40&md5=c034369191ddbc4a8527aef6ce3b578b},
document_type={Book Chapter},
source={Scopus},
}

@BOOK{Bourdieu2018257,
author={Bourdieu, P.},
title={Cultural reproduction and social reproduction},
journal={Inequality: Classic Readings in Race, Class, and Gender},
year={2018},
pages={257-271},
note={cited By 18},
url={https://www.scopus.com/inward/record.uri?eid=2-s2.0-85116790170&partnerID=40&md5=9ea825f4b6a88df6e68ce394f6b3fec5},
document_type={Book Chapter},
source={Scopus},
}

@BOOK{Bourdieu2018249,
author={Bourdieu, P.},
title={The scientific method and the social hierarchy of objects},
journal={The Oxford Handbook of Pierre Bourdieu},
year={2018},
pages={249-252},
doi={10.1093/oxfordhb/9780199357192.001.0001},
note={cited By 0},
url={https://www.scopus.com/inward/record.uri?eid=2-s2.0-85052950021&doi=10.1093%2foxfordhb%2f9780199357192.001.0001&partnerID=40&md5=a0eeb1a9618420e37cf7a8864e2aa752},
document_type={Book Chapter},
source={Scopus},
}

@BOOK{Bourdieu2018982,
author={Bourdieu, P.},
title={Distinction: A Social Critique of the Judgment of Taste},
journal={Social Stratification: Class, Race, and Gender in Sociological Perspective},
year={2018},
pages={982-1003},
doi={10.4324/9780429494642-120},
note={cited By 1},
url={https://www.scopus.com/inward/record.uri?eid=2-s2.0-85136428765&doi=10.4324%2f9780429494642-120&partnerID=40&md5=378b2eb9129e064443d548e33227a82d},
document_type={Book Chapter},
source={Scopus},
}

@BOOK{Bourdieu201862,
author={Bourdieu, P.},
title={Inequality at school as the key to cultural inequality (1966)},
journal={French Cultural Policy Debates: A Reader},
year={2018},
pages={62-69},
doi={10.4324/9781315015279-5},
note={cited By 0},
url={https://www.scopus.com/inward/record.uri?eid=2-s2.0-85083217883&doi=10.4324%2f9781315015279-5&partnerID=40&md5=107e401ad36568659cebbf8d28d82bb6},
document_type={Book Chapter},
source={Scopus},
}

@ARTICLE{Bourdieu2018177,
author={Bourdieu, P.},
title={Le mariage entre le passé et le présent dans les sociétés d'Afrique du Nord-Sahara},
journal={Ethnologie Francaise},
year={2018},
volume={169},
number={1},
pages={177-186},
doi={10.3917/ethn.181.0177},
note={cited By 0},
url={https://www.scopus.com/inward/record.uri?eid=2-s2.0-85041098585&doi=10.3917%2fethn.181.0177&partnerID=40&md5=9b8809e70ef9c40ef6a68f30d73d2425},
document_type={Article},
source={Scopus},
}

@ARTICLE{Bourdieu2018106,
author={Bourdieu, P.},
title={Social Space and the Genesis of Appropriated Physical Space},
journal={International Journal of Urban and Regional Research},
year={2018},
volume={42},
number={1},
pages={106-114},
doi={10.1111/1468-2427.12534},
note={cited By 64},
url={https://www.scopus.com/inward/record.uri?eid=2-s2.0-85041097906&doi=10.1111%2f1468-2427.12534&partnerID=40&md5=6998c173df990430ace123ee73d0779e},
document_type={Article},
source={Scopus},
}

@BOOK{Bourdieu201878,
author={Bourdieu, P.},
title={The forms of capital},
journal={The Sociology of Economic Life, Third Edition},
year={2018},
pages={78-92},
doi={10.4324/9780429494338},
note={cited By 45},
url={https://www.scopus.com/inward/record.uri?eid=2-s2.0-85016265564&doi=10.4324%2f9780429494338&partnerID=40&md5=6b252b36fa75212d5e8ad6d5666caa23},
document_type={Book Chapter},
source={Scopus},
}

@ARTICLE{Bourdieu201791,
author={Bourdieu, P.},
title={Homo academicus [Homo Academicus 1]},
journal={Ekonomicheskaya Sotsiologiya},
year={2017},
volume={18},
number={4},
pages={91-119},
doi={10.17323/1726-3247-2017-4-91-119},
note={cited By 0},
url={https://www.scopus.com/inward/record.uri?eid=2-s2.0-85062860895&doi=10.17323%2f1726-3247-2017-4-91-119&partnerID=40&md5=e5a530b11273d98364d16b5041cb88c9},
document_type={Article},
source={Scopus},
}

@BOOK{Bourdieu201743,
author={Bourdieu, P.},
title={Habitus},
journal={Habitus: A Sense of Place},
year={2017},
pages={43-49},
doi={10.4324/9781315253701-7},
note={cited By 174},
url={https://www.scopus.com/inward/record.uri?eid=2-s2.0-85091551487&doi=10.4324%2f9781315253701-7&partnerID=40&md5=ccdf970e5a34652ba69a577fa0be4723},
document_type={Book Chapter},
source={Scopus},
}

@BOOK{Bourdieu201623,
author={Bourdieu, P.},
title={Symbolic violence},
journal={Beyond French Feminisms: Debates on Women, Culture and Politics in France 1980-2001},
year={2016},
pages={23-26},
doi={10.1007/978-1-137-09514-5},
note={cited By 7},
url={https://www.scopus.com/inward/record.uri?eid=2-s2.0-85009286784&doi=10.1007%2f978-1-137-09514-5&partnerID=40&md5=edf9e3373cd4bc918329b261749aab61},
document_type={Book Chapter},
source={Scopus},
}

@BOOK{Bourdieu2016198,
author={Bourdieu, P.},
title={Distinction},
journal={Social Theory Re-Wired: New Connections to Classical and Contemporary Perspectives: Second Edition},
year={2016},
pages={198-215},
doi={10.4324/9781315775357},
note={cited By 2},
url={https://www.scopus.com/inward/record.uri?eid=2-s2.0-84979071501&doi=10.4324%2f9781315775357&partnerID=40&md5=1a1b0fc3b42807577142c581e132c40d},
document_type={Book Chapter},
source={Scopus},
}

@BOOK{Bourdieu2016184,
author={Bourdieu, P.},
title={The forms of capital},
journal={Social Theory Re-Wired: New Connections to Classical and Contemporary Perspectives: Second Edition},
year={2016},
pages={184-197},
doi={10.4324/9781315775357},
note={cited By 4},
url={https://www.scopus.com/inward/record.uri?eid=2-s2.0-84979018842&doi=10.4324%2f9781315775357&partnerID=40&md5=08ff3244c4a400b291dfe651ba57b75f},
document_type={Book Chapter},
source={Scopus},
}

@BOOK{Bourdieu201561,
author={Bourdieu, P.},
title={Distinction: A social critique of the judgement of taste},
journal={Sociological Perspectives on Sport: The Games Outside the Games},
year={2015},
pages={61-68},
doi={10.4324/9781315870854},
note={cited By 3},
url={https://www.scopus.com/inward/record.uri?eid=2-s2.0-84949209713&doi=10.4324%2f9781315870854&partnerID=40&md5=b301fa4cd5e48a169ff188617887ac40},
document_type={Book Chapter},
source={Scopus},
}

@ARTICLE{Bourdieu2015169,
author={Bourdieu, P.},
title={How can one be a sports fan?},
journal={Empiria},
year={2015},
number={30},
pages={169-180},
note={cited By 1},
url={https://www.scopus.com/inward/record.uri?eid=2-s2.0-84921652314&partnerID=40&md5=12185c4132258f9ce4feef5c2ff46024},
document_type={Article},
source={Scopus},
}

@ARTICLE{Bourdieu2014121,
author={Bourdieu, P.},
title={Uma Revolução Simbólica},
journal={Novos Estudos CEBRAP},
year={2014},
volume={33},
number={2},
pages={121-135},
note={cited By 0},
url={https://www.scopus.com/inward/record.uri?eid=2-s2.0-85107749221&partnerID=40&md5=97ea0bcd2d014961f7d9d2953ddd45fc},
document_type={Article},
source={Scopus},
}

@BOOK{Bourdieu2014233,
author={Bourdieu, P. and Grenfell, M.},
title={The future of class and the causality of the probable},
journal={Re-Thinking Economics: Exploring the Work of Pierre Bourdieu},
year={2014},
pages={233-269},
note={cited By 9},
url={https://www.scopus.com/inward/record.uri?eid=2-s2.0-84955748126&partnerID=40&md5=78ea4828ca0beef7275d72dff07a949a},
document_type={Book Chapter},
source={Scopus},
}

@BOOK{Bourdieu2014304,
author={Bourdieu, P.},
title={Men and machines},
journal={Advances in Social Theory and Methodology (RLE Social Theory): Toward an Integration of Micro- and Macro-Sociologies},
year={2014},
pages={304-317},
doi={10.4324/9781315763880-23},
note={cited By 1},
url={https://www.scopus.com/inward/record.uri?eid=2-s2.0-85107523329&doi=10.4324%2f9781315763880-23&partnerID=40&md5=cc70448fff5c7019ac47fbe50af9d209},
document_type={Book Chapter},
source={Scopus},
}

@BOOK{Bourdieu2014231,
author={Bourdieu, P.},
title={Marginalia-Some Additional Notes on the Gift},
journal={The Logic of the Gift: Toward an Ethic of Generosity},
year={2014},
pages={231-242},
doi={10.4324/9780203760369-22},
note={cited By 90},
url={https://www.scopus.com/inward/record.uri?eid=2-s2.0-85071580865&doi=10.4324%2f9780203760369-22&partnerID=40&md5=13a6e7376beaef8c30d3ea1a29d56b76},
document_type={Book Chapter},
source={Scopus},
}

@BOOK{Bourdieu2014190,
author={Bourdieu, P.},
title={Selections from The Logic of Practice},
journal={The Logic of the Gift: Toward an Ethic of Generosity},
year={2014},
pages={190-230},
doi={10.4324/9780203760369-21},
note={cited By 27},
url={https://www.scopus.com/inward/record.uri?eid=2-s2.0-85071543801&doi=10.4324%2f9780203760369-21&partnerID=40&md5=0893085efea6e7e8e6c28756fc34050e},
document_type={Book Chapter},
source={Scopus},
}

@BOOK{Bourdieu2014119,
author={Bourdieu, P.},
title={Legitimation and structured interests in weber's sociology of religion},
journal={Max Weber, Rationality and Modernity},
year={2014},
pages={119-136},
doi={10.4324/9781315823935-16},
note={cited By 158},
url={https://www.scopus.com/inward/record.uri?eid=2-s2.0-85068419976&doi=10.4324%2f9781315823935-16&partnerID=40&md5=d5d5045258f5cd1048cc4decb1790582},
document_type={Book Chapter},
source={Scopus},
}

@BOOK{Bourdieu2014139,
author={Bourdieu, P.},
title={The habitus and the space of life-styles (1984)},
journal={The People, Place, and Space Reader},
year={2014},
pages={139-144},
doi={10.4324/9781315816852},
note={cited By 5},
url={https://www.scopus.com/inward/record.uri?eid=2-s2.0-84961301111&doi=10.4324%2f9781315816852&partnerID=40&md5=d3223ef4891ccccc4db5ad14b96c0988},
document_type={Book Chapter},
source={Scopus},
}

@ARTICLE{Bourdieu2014121,
author={Bourdieu, P.},
title={Uma revolução simbólica},
journal={Novos Estudos CEBRAP},
year={2014},
volume={1},
number={99},
pages={121-135},
doi={10.1590/s0101-33002014000200007},
note={cited By 0},
url={https://www.scopus.com/inward/record.uri?eid=2-s2.0-84922961372&doi=10.1590%2fs0101-33002014000200007&partnerID=40&md5=60c0083e4c697ee2bfd56884e7a5f79e},
document_type={Article},
source={Scopus},
}

@ARTICLE{Bourdieu2013133,
author={Bourdieu, P.},
title={Espaço físico, espaço social e espaço físico apropriado1},
journal={Estudos Avancados},
year={2013},
volume={27},
number={79},
pages={133-144},
doi={10.1590/S0103-40142013000300010},
note={cited By 4},
url={https://www.scopus.com/inward/record.uri?eid=2-s2.0-84891290285&doi=10.1590%2fS0103-40142013000300010&partnerID=40&md5=44dc5e0b5f80dbff0b6a7cc4a2727c85},
document_type={Article},
source={Scopus},
}

@ARTICLE{Bourdieu2013169,
author={Bourdieu, P.},
title={Um pensador livre: "Não me pergunte quem sou eu"*},
journal={Tempo Social},
year={2013},
volume={25},
number={1},
pages={169-175},
doi={10.1590/S0103-20702013000100009},
note={cited By 0},
url={https://www.scopus.com/inward/record.uri?eid=2-s2.0-84884614173&doi=10.1590%2fS0103-20702013000100009&partnerID=40&md5=acc1f77167ef99edfd7ac2350beffc73},
document_type={Article},
source={Scopus},
}

@ARTICLE{Bourdieu201319,
author={Bourdieu, P.},
title={Elogio de la sociología: Discurso de aceptación de la medalla de oro del CNRS},
journal={Revista Espanola de Sociologia},
year={2013},
volume={19},
pages={19-27},
note={cited By 3},
url={https://www.scopus.com/inward/record.uri?eid=2-s2.0-84879022251&partnerID=40&md5=dcd012c9b5a460404b45c83015480d0b},
document_type={Article},
source={Scopus},
}

@ARTICLE{Bourdieu2013141,
author={Bourdieu, P.},
title={Chvála sociologie (1993): Proslov u přílež itosti přijetí Zlaté medaile CNRS},
journal={Sociologicky Casopis},
year={2013},
volume={49},
number={1},
pages={141-148},
note={cited By 2},
url={https://www.scopus.com/inward/record.uri?eid=2-s2.0-84878294328&partnerID=40&md5=0c8c512c71ec6b080c79e5303c853e2a},
document_type={Article},
source={Scopus},
}

@ARTICLE{Bourdieu2013292,
author={Bourdieu, P. and Wacquant, L.},
title={Symbolic capital and social classes},
journal={Journal of Classical Sociology},
year={2013},
volume={13},
number={2},
pages={292-302},
doi={10.1177/1468795X12468736},
note={cited By 113},
url={https://www.scopus.com/inward/record.uri?eid=2-s2.0-84878091782&doi=10.1177%2f1468795X12468736&partnerID=40&md5=3bab2ad5707429e3abaf88ffa212ad41},
document_type={Article},
source={Scopus},
}

@ARTICLE{Bourdieu20137,
author={Bourdieu, P.},
title={In Praise of Sociology: Acceptance Speech for the Gold Medal of the CNRS1},
journal={Sociology},
year={2013},
volume={47},
number={1},
pages={7-14},
doi={10.1177/0038038513475577},
note={cited By 2},
url={https://www.scopus.com/inward/record.uri?eid=2-s2.0-84874569095&doi=10.1177%2f0038038513475577&partnerID=40&md5=bdc550f721ce3d5e1e30b3715229f962},
document_type={Article},
source={Scopus},
}

@BOOK{Bourdieu201398,
author={Bourdieu, P.},
title={The Berber House},
journal={Rules and Meanings: Volume IV},
year={2013},
volume={4},
pages={98-110},
doi={10.4324/9781315015835-26},
note={cited By 0},
url={https://www.scopus.com/inward/record.uri?eid=2-s2.0-85139652921&doi=10.4324%2f9781315015835-26&partnerID=40&md5=aca4e2158a77aba2d7d8b5a35b1698a0},
document_type={Book Chapter},
source={Scopus},
}

@BOOK{Bourdieu201332,
author={Bourdieu, P.},
title={The school as a conservative force: Scholastic and cultural inequalities},
journal={Contemporary Research in the Sociology of Education (RLE Edu L)},
year={2013},
pages={32-46},
note={cited By 209},
url={https://www.scopus.com/inward/record.uri?eid=2-s2.0-85069214426&partnerID=40&md5=022dc8725c5d7bc908ad7dd06111d144},
document_type={Book Chapter},
source={Scopus},
}

@BOOK{Bourdieu2013338,
author={Bourdieu, P. and De Saint-Martin, M.},
title={Scholastic excellence and the values of the educational system},
journal={Contemporary Research in the Sociology of Education (RLE Edu L)},
year={2013},
pages={338-371},
note={cited By 16},
url={https://www.scopus.com/inward/record.uri?eid=2-s2.0-85069168821&partnerID=40&md5=a3aee8ecd37cafe3d7f212da0fcced6f},
document_type={Book Chapter},
source={Scopus},
}

@ARTICLE{Bourdieu20134,
author={Bourdieu, P.},
title={Séminaires sur le concept de champ, 1972-1975},
journal={Actes de la Recherche en Sciences Sociales},
year={2013},
number={200},
pages={4-37},
doi={10.3917/arss.200.0004},
note={cited By 36},
url={https://www.scopus.com/inward/record.uri?eid=2-s2.0-84904581452&doi=10.3917%2farss.200.0004&partnerID=40&md5=a9258fcdcde942b61270ddb1c1d0cc28},
document_type={Review},
source={Scopus},
}

@ARTICLE{Bourdieu201325,
author={Bourdieu, P.},
title={In praise of sociology: Acceptance spee ch for the gold medal of the CNRS [Elogio da sociologia: Discurso de aceitação da medalha de Ouro do CNRS]},
journal={Revista Brasileira de Ciencias Sociais},
year={2013},
volume={28},
number={83},
pages={25-31+232},
doi={10.1590/S0102-69092013000300002},
note={cited By 4},
url={https://www.scopus.com/inward/record.uri?eid=2-s2.0-84894031453&doi=10.1590%2fS0102-69092013000300002&partnerID=40&md5=4a80efd0e3e3fc594ca0ae3bd0d75dcc},
document_type={Article},
source={Scopus},
}

@ARTICLE{Bourdieu2013105,
author={Bourdieu, P.},
title={Capital simbólico e classes sociais},
journal={Novos Estudos CEBRAP},
year={2013},
number={96},
pages={105-115},
doi={10.1590/s0101-33002013000200008},
note={cited By 6},
url={https://www.scopus.com/inward/record.uri?eid=2-s2.0-84886826182&doi=10.1590%2fs0101-33002013000200008&partnerID=40&md5=21d7c4327bc7e31c9d9f74e8bb418f68},
document_type={Article},
source={Scopus},
}

@ARTICLE{Bourdieu2013139,
author={Bourdieu, P.},
title={Elogio della sociologia (1993). Il discorso di ringraziamento per la medaglia d'oro del CNRS},
journal={Rassegna Italiana di Sociologia},
year={2013},
volume={54},
number={1},
pages={139-148},
doi={10.1423/73577},
note={cited By 1},
url={https://www.scopus.com/inward/record.uri?eid=2-s2.0-84879854662&doi=10.1423%2f73577&partnerID=40&md5=5ae7c6a0224aa4f00b20f0296530d6f5},
document_type={Article},
source={Scopus},
}

@ARTICLE{Bourdieu2012401,
author={Bourdieu, P.},
title={Capitale simbolico e classi sociali},
journal={Polis},
year={2012},
volume={26},
number={3},
pages={401-415},
doi={10.1424/38674},
note={cited By 2},
url={https://www.scopus.com/inward/record.uri?eid=2-s2.0-84872923839&doi=10.1424%2f38674&partnerID=40&md5=8f6f09135b8f1df9e2c57b2a08013c7c},
document_type={Article},
source={Scopus},
}

@BOOK{Bourdieu2012398,
author={Bourdieu, P.},
title={On television and journalism},
journal={Key Readings in Journalism},
year={2012},
pages={398-406},
note={cited By 0},
url={https://www.scopus.com/inward/record.uri?eid=2-s2.0-85075965361&partnerID=40&md5=044352308b1174a8fcd8ddd162f787a1},
document_type={Book Chapter},
source={Scopus},
}

@ARTICLE{Sapiro20124,
author={Sapiro, G. and Bourdieu, P.},
title={State and symbolic violence [État et violence symbolique]},
journal={Quinzaine Litteraire},
year={2012},
number={1061},
pages={4},
note={cited By 0},
url={https://www.scopus.com/inward/record.uri?eid=2-s2.0-84862143774&partnerID=40&md5=3f7d3d3ce6aee17bef25590d946b4f35},
document_type={Note},
source={Scopus},
}

@BOOK{Bourdieu201231,
author={Bourdieu, P. and Nice, R.},
title={Distinction: A social critique of the judgement of taste},
journal={Food and Culture: A Reader},
year={2012},
pages={31-39},
doi={10.4324/9780203079751-11},
note={cited By 9},
url={https://www.scopus.com/inward/record.uri?eid=2-s2.0-85086983116&doi=10.4324%2f9780203079751-11&partnerID=40&md5=6f8e74874a652c38c212d4ab862e5c69},
document_type={Book Chapter},
source={Scopus},
}

@ARTICLE{Bourdieu2011126,
author={Bourdieu, P.},
title={Champ du pouvoir et division du travail de domination: Texte manuscrit inédit ayant servi de support de cours au Collège de France, 1985-1986},
journal={Actes de la Recherche en Sciences Sociales},
year={2011},
number={190},
pages={126-139},
doi={10.3917/arss.190.0126},
note={cited By 50},
url={https://www.scopus.com/inward/record.uri?eid=2-s2.0-84859149523&doi=10.3917%2farss.190.0126&partnerID=40&md5=cc35b4c5768514f3c24cc6a2436ae0df},
document_type={Article},
source={Scopus},
}

@BOOK{Bourdieu20111,
author={Bourdieu, P. and Chamboredon, J.-C. and Passeron, J.-C. and Krais, B.},
title={The craft of sociology: Epistemological preliminaries},
journal={The Craft of Sociology: Epistemological Preliminaries},
year={2011},
pages={1-271},
doi={10.1515/9783110856460},
note={cited By 244},
url={https://www.scopus.com/inward/record.uri?eid=2-s2.0-85064653773&doi=10.1515%2f9783110856460&partnerID=40&md5=26df79bd59fcaad11e1997d12cae750f},
document_type={Book},
source={Scopus},
}

@BOOK{Bourdieu2011111,
author={Bourdieu, P. and Schultheis, F. and Pfeuffer, A. and Susen, S.},
title={With Weber against Weber: In conversation with Pierre Bourdieu},
journal={The Legacy of Pierre Bourdieu: Critical Essays},
year={2011},
pages={111-124},
doi={10.7135/UPO9780857289278.007},
note={cited By 27},
url={https://www.scopus.com/inward/record.uri?eid=2-s2.0-84932097701&doi=10.7135%2fUPO9780857289278.007&partnerID=40&md5=201cbcb689ca6beeaf139c32667675af},
document_type={Book Chapter},
source={Scopus},
}

@BOOK{Bourdieu201075,
author={Bourdieu, P.},
title={Principles of an economic anthropology},
journal={The Handbook of Economic Sociology},
year={2010},
pages={75-89},
note={cited By 96},
url={https://www.scopus.com/inward/record.uri?eid=2-s2.0-84883928665&partnerID=40&md5=b441f02f66da73874e935908448bad4e},
document_type={Book Chapter},
source={Scopus},
}

@BOOK{Bourdieu2008280,
author={Bourdieu, P.},
title={The Forms of Capital},
journal={Readings in Economic Sociology},
year={2008},
pages={280-291},
doi={10.1002/9780470755679.ch15},
note={cited By 331},
url={https://www.scopus.com/inward/record.uri?eid=2-s2.0-84948737975&doi=10.1002%2f9780470755679.ch15&partnerID=40&md5=d17a90192718e284c95d273e41459cb5},
document_type={Book Chapter},
source={Scopus},
}

@BOOK{Bourdieu200829,
author={Bourdieu, P.},
title={An Agenda for Sociology},
journal={Emile Durkheim: Sociologist of Modernity},
year={2008},
pages={29-54},
doi={10.1002/9780470756133.ch2},
note={cited By 0},
url={https://www.scopus.com/inward/record.uri?eid=2-s2.0-84890611727&doi=10.1002%2f9780470756133.ch2&partnerID=40&md5=e253030d5a5055d1af12b618074148c6},
document_type={Book Chapter},
source={Scopus},
}

@BOOK{Bourdieu2008139,
author={Bourdieu, P. and Alexander, J.C.},
title={Individual and Collective Agency},
journal={Emile Durkheim: Sociologist of Modernity},
year={2008},
pages={139-164},
doi={10.1002/9780470756133.ch6},
note={cited By 0},
url={https://www.scopus.com/inward/record.uri?eid=2-s2.0-84890607837&doi=10.1002%2f9780470756133.ch6&partnerID=40&md5=e9fe5c810cbc487cc64e9ef252b1a2e4},
document_type={Book Chapter},
source={Scopus},
}

@ARTICLE{Bourdieu2008123,
author={Bourdieu, P. and Fraser, R.},
title={A conservative revolution in publishing},
journal={Translation Studies},
year={2008},
volume={1},
number={2},
pages={123-153},
doi={10.1080/14781700802113465},
note={cited By 68},
url={https://www.scopus.com/inward/record.uri?eid=2-s2.0-85011179105&doi=10.1080%2f14781700802113465&partnerID=40&md5=a378ec2575a0732780a10b86e27b602a},
document_type={Article},
source={Scopus},
}

@BOOK{Bourdieu2007191,
author={Bourdieu, P.},
title={The aristocracy of culture},
journal={Museums in the Material World},
year={2007},
pages={191-200},
doi={10.4324/9780203946855-26},
note={cited By 0},
url={https://www.scopus.com/inward/record.uri?eid=2-s2.0-85075642644&doi=10.4324%2f9780203946855-26&partnerID=40&md5=9c690a2a4a3899fcd470ad65c8b6672a},
document_type={Book Chapter},
source={Scopus},
}

@ARTICLE{Bourdieu200631,
author={Bourdieu, P. and Bourdieu, M.-C.},
title={The peasant and photography [O camponês e a fotografia]},
journal={Revista de Sociologia e Politica},
year={2006},
number={26},
pages={31-39},
doi={10.1590/S0104-44782006000100004},
note={cited By 4},
url={https://www.scopus.com/inward/record.uri?eid=2-s2.0-33846549209&doi=10.1590%2fS0104-44782006000100004&partnerID=40&md5=68e902a5a21433fdee3f2c3cfe6c51dd},
document_type={Article},
source={Scopus},
}

@ARTICLE{Bourdieu200693,
author={Bourdieu, P.},
title={The odyssey of re-appropriation: The work of Mouloud Mammeri [A odisséia da reapropriação: A obra de Mouloud Mammeri]},
journal={Revista de Sociologia e Politica},
year={2006},
number={26},
pages={93-95},
doi={10.1590/S0104-44782006000100008},
note={cited By 0},
url={https://www.scopus.com/inward/record.uri?eid=2-s2.0-33846538050&doi=10.1590%2fS0104-44782006000100008&partnerID=40&md5=015ae13a5c47a1a78919aa5e1f008e14},
document_type={Article},
source={Scopus},
}

@ARTICLE{Bourdieu200683,
author={Bourdieu, P.},
title={The peasant and his body [O camponês e seu corpo]},
journal={Revista de Sociologia e Politica},
year={2006},
number={26},
pages={83-92},
doi={10.1590/S0104-44782006000100007},
note={cited By 12},
url={https://www.scopus.com/inward/record.uri?eid=2-s2.0-33846532398&doi=10.1590%2fS0104-44782006000100007&partnerID=40&md5=85504d192698b7be060b4111b7a7e84f},
document_type={Article},
source={Scopus},
}

@ARTICLE{Bourdieu200641,
author={Bourdieu, P. and Sayad, A.},
title={Colonial rule and cultural sabir [A dominação colonial e o sabir cultural]},
journal={Revista de Sociologia e Politica},
year={2006},
number={26},
pages={41-60},
doi={10.1590/S0104-44782006000100005},
note={cited By 2},
url={https://www.scopus.com/inward/record.uri?eid=2-s2.0-33846529058&doi=10.1590%2fS0104-44782006000100005&partnerID=40&md5=e5c98f2255fcc9cdc4bbba7eac4826ef},
document_type={Article},
source={Scopus},
}

@ARTICLE{Mammeri200661,
author={Mammeri, M. and Bourdieu, P.},
title={Dialogue on oral poetry: Interview of Mouloud Mammeri to Pierre Bourdieu [Diálogo sobre a poesia oral na Cabília: Entrevista de Mouloud Mammeri a Pierre Bourdieu]},
journal={Revista de Sociologia e Politica},
year={2006},
number={26},
pages={61-81},
doi={10.1590/S0104-44782006000100006},
note={cited By 0},
url={https://www.scopus.com/inward/record.uri?eid=2-s2.0-33846490301&doi=10.1590%2fS0104-44782006000100006&partnerID=40&md5=1477ca3b052662de0c98afee352f9a83},
document_type={Article},
source={Scopus},
}

@BOOK{Bourdieu200528,
author={Bourdieu, P.},
title={The berber house},
journal={Language, Communication and Education},
year={2005},
pages={28-35},
doi={10.4324/9780203975107-11},
note={cited By 0},
url={https://www.scopus.com/inward/record.uri?eid=2-s2.0-85068403619&doi=10.4324%2f9780203975107-11&partnerID=40&md5=adb2a908df32d235302d963eeba2538d},
document_type={Book Chapter},
source={Scopus},
}

@BOOK{Bourdieu2004179,
author={Bourdieu, P.},
title={Outline of the theory of practice: Structures and the habitus},
journal={Practicing History: New Directions in Historical Writing after the Linguistic Turn},
year={2004},
pages={179-198},
note={cited By 2},
url={https://www.scopus.com/inward/record.uri?eid=2-s2.0-85077672319&partnerID=40&md5=7c2522b2325601eb9d6b581174c6719e},
document_type={Book Chapter},
source={Scopus},
}

@BOOK{Bourdieu200496,
author={Bourdieu, P.},
title={But who created the ‘creators’?},
journal={Sociology of Art: A Reader},
year={2004},
pages={96-103},
note={cited By 5},
url={https://www.scopus.com/inward/record.uri?eid=2-s2.0-85069222678&partnerID=40&md5=983cbdd19c824073d074c738959e50da},
document_type={Book Chapter},
source={Scopus},
}

@BOOK{Bourdieu2004164,
author={Bourdieu, P.},
title={Outline of a sociological theory of art perception},
journal={Sociology of Art: A Reader},
year={2004},
pages={164-177},
note={cited By 3},
url={https://www.scopus.com/inward/record.uri?eid=2-s2.0-85069214385&partnerID=40&md5=c04729d5c708d583f5913cfdfa8390af},
document_type={Book Chapter},
source={Scopus},
}

@ARTICLE{Bourdieu2004445,
author={Bourdieu, P. and Sayad, A.},
title={Colonial rule and cultural sabir},
journal={Ethnography},
year={2004},
volume={5},
number={4},
pages={445-486},
doi={10.1177/1466138104050692},
note={cited By 47},
url={https://www.scopus.com/inward/record.uri?eid=2-s2.0-33846556165&doi=10.1177%2f1466138104050692&partnerID=40&md5=0bf96dcdd56548ad9f1b1f366e9f0e9e},
document_type={Article},
source={Scopus},
}

@ARTICLE{Bourdieu2004617,
author={Bourdieu, P.},
title={The odyssey of reappropriation},
journal={Ethnography},
year={2004},
volume={5},
number={4},
pages={617-621},
doi={10.1177/1466138104048830},
note={cited By 9},
url={https://www.scopus.com/inward/record.uri?eid=2-s2.0-33846553055&doi=10.1177%2f1466138104048830&partnerID=40&md5=af2646744eb7c2cba35f0eebe7974afd},
document_type={Article},
source={Scopus},
}

@ARTICLE{Bourdieu2004579,
author={Bourdieu, P.},
title={The peasant and his body},
journal={Ethnography},
year={2004},
volume={5},
number={4},
pages={579-599},
doi={10.1177/1466138104048829},
note={cited By 64},
url={https://www.scopus.com/inward/record.uri?eid=2-s2.0-33846540180&doi=10.1177%2f1466138104048829&partnerID=40&md5=d92c51f2b0ba5e79c88ec5c64dcc0b05},
document_type={Article},
source={Scopus},
}

@ARTICLE{Bourdieu2004601,
author={Bourdieu, P.},
title={The peasant and photography},
journal={Ethnography},
year={2004},
volume={5},
number={4},
pages={601-616},
doi={10.1177/1466138104050701},
note={cited By 24},
url={https://www.scopus.com/inward/record.uri?eid=2-s2.0-33846510420&doi=10.1177%2f1466138104050701&partnerID=40&md5=11914e6ab969ad4151de7946a17a203a},
document_type={Article},
source={Scopus},
}

@ARTICLE{Mammeri2004511,
author={Mammeri, M. and Bourdieu, P.},
title={Dialogue on oral poetry},
journal={Ethnography},
year={2004},
volume={5},
number={4},
pages={511-551},
doi={10.1177/1466138104048827},
note={cited By 6},
url={https://www.scopus.com/inward/record.uri?eid=2-s2.0-33846509791&doi=10.1177%2f1466138104048827&partnerID=40&md5=72f78cb07570f8b8f30c06c5b5c30822},
document_type={Article},
source={Scopus},
}

@ARTICLE{Bourdieu2004415,
author={Bourdieu, P.},
title={Algerian landing},
journal={Ethnography},
year={2004},
volume={5},
number={4},
pages={415-443},
doi={10.1177/1466138104048826},
note={cited By 33},
url={https://www.scopus.com/inward/record.uri?eid=2-s2.0-33846486769&doi=10.1177%2f1466138104048826&partnerID=40&md5=a916b87aee3d9642dfdc15780d8e4ab5},
document_type={Article},
source={Scopus},
}

@ARTICLE{Bourdieu2003104,
author={Bourdieu, P.},
title={Sociologist with question mark},
journal={Sotsiologicheskie Issledovaniya},
year={2003},
number={8},
pages={104-113+157},
note={cited By 0},
url={https://www.scopus.com/inward/record.uri?eid=2-s2.0-0141790829&partnerID=40&md5=ef03c657201d1c987f1734b5f1106a14},
document_type={Review},
source={Scopus},
}

@ARTICLE{Grass200263,
author={Grass, G. and Bourdieu, P.},
title={The 'progressive' restoration},
journal={New Left Review},
year={2002},
number={14},
pages={63-77},
note={cited By 36},
url={https://www.scopus.com/inward/record.uri?eid=2-s2.0-0036005238&partnerID=40&md5=4d9d538b96182d4a826ce76efc4d09de},
document_type={Review},
source={Scopus},
}

@ARTICLE{Bourdieu2002209,
author={Bourdieu, P.},
title={Response to Throop and Murphy},
journal={Anthropological Theory},
year={2002},
volume={2},
number={2},
pages={209},
doi={10.1177/14634996020020020701},
note={cited By 13},
url={https://www.scopus.com/inward/record.uri?eid=2-s2.0-61049311769&doi=10.1177%2f14634996020020020701&partnerID=40&md5=86ae1db8d2bccafebadd6ab69c9e70c3},
document_type={Letter},
source={Scopus},
}

@ARTICLE{Bourdieu200141,
author={Bourdieu, P. and De Swaan, A. and Hagège, C. and Fumaroli, M. and Wallerstein, I.},
title={Quelles langues pour une Europe démocratique?},
journal={Raisons Politiques},
year={2001},
volume={2},
number={2},
pages={41-64},
doi={10.3917/rai.002.0041},
note={cited By 14},
url={https://www.scopus.com/inward/record.uri?eid=2-s2.0-33751162759&doi=10.3917%2frai.002.0041&partnerID=40&md5=8a35e5c540ec0876b85a42d9f0fe8af9},
document_type={Note},
source={Scopus},
}

@ARTICLE{Bourdieu2001245,
author={Bourdieu, P.},
title={Television},
journal={European Review},
year={2001},
volume={9},
number={3},
pages={245-256},
doi={10.1017/S1062798701000230},
note={cited By 41},
url={https://www.scopus.com/inward/record.uri?eid=2-s2.0-85008530332&doi=10.1017%2fS1062798701000230&partnerID=40&md5=0ceab8721463cc8474bb273b9061179f},
document_type={Article},
source={Scopus},
}

@ARTICLE{Bourdieu200017,
author={Bourdieu, P.},
title={Making the Economic Habitus: Algerian Workers Revisited},
journal={Ethnography},
year={2000},
volume={1},
number={1},
pages={17-41},
doi={10.1177/14661380022230624},
note={cited By 120},
url={https://www.scopus.com/inward/record.uri?eid=2-s2.0-84993812291&doi=10.1177%2f14661380022230624&partnerID=40&md5=ce732d031c1db28120a466aa411dd042},
document_type={Article},
source={Scopus},
}

@ARTICLE{Bourdieu2000173,
author={Bourdieu, P.},
title={The Organic Ethnologist of Algerian Migration},
journal={Ethnography},
year={2000},
volume={1},
number={2},
pages={173-182},
doi={10.1177/14661380022230723},
note={cited By 48},
url={https://www.scopus.com/inward/record.uri?eid=2-s2.0-84993720591&doi=10.1177%2f14661380022230723&partnerID=40&md5=28ebe1cdbbac7c641621366f7076f173},
document_type={Article},
source={Scopus},
}

@ARTICLE{Bourdieu1999334,
author={Bourdieu, P.},
title={Scattered remarks},
journal={European Journal of Social Theory},
year={1999},
volume={2},
number={3},
pages={334-340},
doi={10.1177/13684319922224563},
note={cited By 61},
url={https://www.scopus.com/inward/record.uri?eid=2-s2.0-4344646207&doi=10.1177%2f13684319922224563&partnerID=40&md5=b3727ddb6000f3ff68b5167d646c9895},
document_type={Article},
source={Scopus},
}

@ARTICLE{Bourdieu199941,
author={Bourdieu, P. and Wacquant, L.},
title={On the Cunning of Imperialist Reason},
journal={Theory, Culture &amp; Society},
year={1999},
volume={16},
number={1},
pages={41-58},
doi={10.1177/026327699016001003},
note={cited By 504},
url={https://www.scopus.com/inward/record.uri?eid=2-s2.0-0033074718&doi=10.1177%2f026327699016001003&partnerID=40&md5=bcfed631ce3e05a5005f834cc83618d9},
document_type={Article},
source={Scopus},
}

@ARTICLE{Bourdieu1998125,
author={Bourdieu, P.},
title={A reasoned utopia and economic fatalism},
journal={New Left Review},
year={1998},
number={227},
pages={125-129},
note={cited By 93},
url={https://www.scopus.com/inward/record.uri?eid=2-s2.0-0040350290&partnerID=40&md5=f9069a8f7dc0af53dfcb86de1de04a84},
document_type={Review},
source={Scopus},
}

@ARTICLE{Bourdieu1997449,
author={Bourdieu, P.},
title={Passport to duke},
journal={Metaphilosophy},
year={1997},
volume={28},
number={4},
pages={449-455},
doi={10.1111/1467-9973.00072},
note={cited By 17},
url={https://www.scopus.com/inward/record.uri?eid=2-s2.0-1642291990&doi=10.1111%2f1467-9973.00072&partnerID=40&md5=2843fbb67cf7a6a7be960516f2324d7a},
document_type={Review},
source={Scopus},
}

@ARTICLE{Bourdieu199617,
author={Bourdieu, P.},
title={Understanding},
journal={Theory, Culture &amp; Society},
year={1996},
volume={13},
number={2},
pages={17-37},
doi={10.1177/026327696013002002},
note={cited By 212},
url={https://www.scopus.com/inward/record.uri?eid=2-s2.0-84998186788&doi=10.1177%2f026327696013002002&partnerID=40&md5=f54acef94d6637ec9f0b0d52e55aea7d},
document_type={Article},
source={Scopus},
}

@ARTICLE{Bourdieu199619,
author={Bourdieu, P.},
title={On the Family as a Realized Category},
journal={Theory, Culture &amp; Society},
year={1996},
volume={13},
number={3},
pages={19-26},
doi={10.1177/026327696013003002},
note={cited By 269},
url={https://www.scopus.com/inward/record.uri?eid=2-s2.0-21344451774&doi=10.1177%2f026327696013003002&partnerID=40&md5=11e34ad095bc4c4f50d1f59f1f85d89d},
document_type={Article},
source={Scopus},
}

@ARTICLE{Bourdieu1993209,
author={Bourdieu, P.},
title={A propos de Sartre},
journal={French Cultural Studies},
year={1993},
volume={4},
number={12},
pages={209-211},
doi={10.1177/095715589300401202},
note={cited By 11},
url={https://www.scopus.com/inward/record.uri?eid=2-s2.0-34250069099&doi=10.1177%2f095715589300401202&partnerID=40&md5=930c595e25bb3b1e0c1309529ac786b3},
document_type={Article},
source={Scopus},
}

@ARTICLE{Bourdieu199237,
author={Bourdieu, P.},
title={Thinking About Limits},
journal={Theory, Culture &amp; Society},
year={1992},
volume={9},
number={1},
pages={37-49},
doi={10.1177/026327692009001003},
note={cited By 76},
url={https://www.scopus.com/inward/record.uri?eid=2-s2.0-84965485429&doi=10.1177%2f026327692009001003&partnerID=40&md5=56c2de24dca7a6a61ee62ce33630b8e2},
document_type={Article},
source={Scopus},
}

@ARTICLE{Bourdieu19913,
author={Bourdieu, P.},
title={The peculiar history of scientific reason},
journal={Sociological Forum},
year={1991},
volume={6},
number={1},
pages={3-26},
doi={10.1007/BF01112725},
note={cited By 216},
url={https://www.scopus.com/inward/record.uri?eid=2-s2.0-0002641925&doi=10.1007%2fBF01112725&partnerID=40&md5=6f91f462b27e0a7c039e3d2d6347c56d},
document_type={Article},
source={Scopus},
}

@ARTICLE{Bourdieu1991129,
author={Bourdieu, P.},
title={Towards a Sociology of Photography},
journal={Visual Anthropology Review},
year={1991},
volume={7},
number={1},
pages={129-133},
doi={10.1525/var.1991.7.1.129},
note={cited By 5},
url={https://www.scopus.com/inward/record.uri?eid=2-s2.0-84984030332&doi=10.1525%2fvar.1991.7.1.129&partnerID=40&md5=5f69ac7e57f744b5aee221f612dcc49a},
document_type={Article},
source={Scopus},
}

@ARTICLE{Bourdieu1990307,
author={Bourdieu, P.},
title={Principles for reflecting on the curriculum},
journal={The Curriculum Journal},
year={1990},
volume={1},
number={3},
pages={307-314},
doi={10.1080/0958517900010308},
note={cited By 25},
url={https://www.scopus.com/inward/record.uri?eid=2-s2.0-61149460593&doi=10.1080%2f0958517900010308&partnerID=40&md5=118cca4e4d79938fe3381c0d1aeb2e30},
document_type={Article},
source={Scopus},
}

@ARTICLE{Bourdieu1990380,
author={Bourdieu, P.},
title={The Scholastic Point of View},
journal={Cultural Anthropology},
year={1990},
volume={5},
number={4},
pages={380-391},
doi={10.1525/can.1990.5.4.02a00030},
note={cited By 157},
url={https://www.scopus.com/inward/record.uri?eid=2-s2.0-85005343256&doi=10.1525%2fcan.1990.5.4.02a00030&partnerID=40&md5=615c58b7871e9fb2535554078da42a03},
document_type={Article},
source={Scopus},
}

@ARTICLE{Bourdieu1988773,
author={Bourdieu, P.},
journal={Theory and Society},
year={1988},
volume={17},
number={5},
pages={773-787},
doi={10.1007/BF00162619},
note={cited By 204},
url={https://www.scopus.com/inward/record.uri?eid=2-s2.0-0000060067&doi=10.1007%2fBF00162619&partnerID=40&md5=86a068e4c804ac69f819565e1fae3757},
document_type={Article},
source={Scopus},
}

@ARTICLE{Bourdieu1985723,
author={Bourdieu, P.},
title={The social space and the genesis of groups},
journal={Theory and Society},
year={1985},
volume={14},
number={6},
pages={723-744},
doi={10.1007/BF00174048},
note={cited By 1382},
url={https://www.scopus.com/inward/record.uri?eid=2-s2.0-0001157021&doi=10.1007%2fBF00174048&partnerID=40&md5=8daf765eb4f60acede2fc928e16cf5d9},
document_type={Article},
source={Scopus},
}

@ARTICLE{Bourdieu198513,
author={Bourdieu, P.},
title={The market of symbolic goods},
journal={Poetics},
year={1985},
volume={14},
number={1-2},
pages={13-44},
doi={10.1016/0304-422X(85)90003-8},
note={cited By 237},
url={https://www.scopus.com/inward/record.uri?eid=2-s2.0-0002231341&doi=10.1016%2f0304-422X%2885%2990003-8&partnerID=40&md5=8f4654833962a5974eff39077f2e057d},
document_type={Article},
source={Scopus},
}

@ARTICLE{Bourdieu1985195,
author={Bourdieu, P.},
title={The social space and the genesis of groups},
journal={Social Science Information},
year={1985},
volume={24},
number={2},
pages={195-220},
doi={10.1177/053901885024002001},
note={cited By 195},
url={https://www.scopus.com/inward/record.uri?eid=2-s2.0-0002220562&doi=10.1177%2f053901885024002001&partnerID=40&md5=1bc7e86de2b48a1392463e8f9fbe7588},
document_type={Article},
source={Scopus},
}

@ARTICLE{Bourdieu1983112,
author={Bourdieu, P.},
title={Erving Goffman, Discoverer of the Infinitely Small},
journal={Theory Culture &amp; Society},
year={1983},
volume={2},
number={1},
pages={112-113},
doi={10.1177/0263276483002001012},
note={cited By 42},
url={https://www.scopus.com/inward/record.uri?eid=2-s2.0-84977046217&doi=10.1177%2f0263276483002001012&partnerID=40&md5=1a73b52f270191d04768332c9016918c},
document_type={Article},
source={Scopus},
}

@ARTICLE{Bourdieu1983311,
author={Bourdieu, P.},
title={The field of cultural production, or: The economic world reversed},
journal={Poetics},
year={1983},
volume={12},
number={4-5},
pages={311-356},
doi={10.1016/0304-422X(83)90012-8},
note={cited By 623},
url={https://www.scopus.com/inward/record.uri?eid=2-s2.0-0000537352&doi=10.1016%2f0304-422X%2883%2990012-8&partnerID=40&md5=9bf5ef9940e9767801d8659801bca425},
document_type={Article},
source={Scopus},
}

@ARTICLE{Bourdieu19827,
author={Bourdieu, P.},
title={The identity and the image: elements for a critical consideration on the idea of region.},
journal={City &amp; Region},
year={1982},
volume={4-5},
pages={7-34},
note={cited By 0},
url={https://www.scopus.com/inward/record.uri?eid=2-s2.0-0020344502&partnerID=40&md5=8ad80aa4aefc4a4821fd4e4a937b31d8},
document_type={Article},
source={Scopus},
}

@ARTICLE{Bourdieu1980225,
author={Bourdieu, P. and Nice, R.},
title={The aristocracy of culture},
journal={Media, Culture &amp; Society},
year={1980},
volume={2},
number={3},
pages={225-254},
doi={10.1177/016344378000200303},
note={cited By 105},
url={https://www.scopus.com/inward/record.uri?eid=2-s2.0-84965455349&doi=10.1177%2f016344378000200303&partnerID=40&md5=81f506f7261c7033852e3552fc5a8444},
document_type={Article},
source={Scopus},
}

@ARTICLE{Bourdieu1980261,
author={Bourdieu, P. and Nice, R.},
title={The production of belief: Contribution to an economy of symbolic goods},
journal={Media, Culture &amp; Society},
year={1980},
volume={2},
number={3},
pages={261-293},
doi={10.1177/016344378000200305},
note={cited By 256},
url={https://www.scopus.com/inward/record.uri?eid=2-s2.0-84965402086&doi=10.1177%2f016344378000200305&partnerID=40&md5=a655da5d024ac040d835d08c29919011},
document_type={Article},
source={Scopus},
}

@ARTICLE{Bourdieu197977,
author={Bourdieu, P.},
title={Symbolic Power},
journal={Critique of Anthropology},
year={1979},
volume={4},
number={13-14},
pages={77-85},
doi={10.1177/0308275X7900401307},
note={cited By 310},
url={https://www.scopus.com/inward/record.uri?eid=2-s2.0-84965939973&doi=10.1177%2f0308275X7900401307&partnerID=40&md5=67065da11cf7f185be38e4ba0b5e512b},
document_type={Article},
source={Scopus},
}

@ARTICLE{Bourdieu1978819,
author={Bourdieu, P.},
title={Sport and social class},
journal={Social Science Information},
year={1978},
volume={17},
number={6},
pages={819-840},
doi={10.1177/053901847801700603},
note={cited By 654},
url={https://www.scopus.com/inward/record.uri?eid=2-s2.0-84977236703&doi=10.1177%2f053901847801700603&partnerID=40&md5=053d70330e3d9c77d21f73b01945eb85},
document_type={Article},
source={Scopus},
}

@ARTICLE{Bourdieu1977645,
author={Bourdieu, P.},
title={The economics of linguistic exchanges},
journal={Social Science Information},
year={1977},
volume={16},
number={6},
pages={645-668},
doi={10.1177/053901847701600601},
note={cited By 1068},
url={https://www.scopus.com/inward/record.uri?eid=2-s2.0-84965572609&doi=10.1177%2f053901847701600601&partnerID=40&md5=a428b486bf9be339c9f19fd704884173},
document_type={Article},
source={Scopus},
}

@ARTICLE{Bourdieu197519,
author={Bourdieu, P.},
title={The specificity of the scientific field and the social conditions of the progress of reason},
journal={Social Science Information},
year={1975},
volume={14},
number={6},
pages={19-47},
doi={10.1177/053901847501400602},
note={cited By 792},
url={https://www.scopus.com/inward/record.uri?eid=2-s2.0-84977233757&doi=10.1177%2f053901847501400602&partnerID=40&md5=941de8c3d2689339f92269e82d8df571},
document_type={Article},
source={Scopus},
}

@ARTICLE{Bourdieu1973407,
author={Bourdieu, P. and Grignon, C. and Passeron, J.-C.},
title={L'evolution des chances d'acces a l'enseignement superieur en France (1962-1966)},
journal={Higher Education},
year={1973},
volume={2},
number={4},
pages={407-422},
doi={10.1007/BF00158526},
note={cited By 5},
url={https://www.scopus.com/inward/record.uri?eid=2-s2.0-34250430882&doi=10.1007%2fBF00158526&partnerID=40&md5=b52bfcdd8cd0f0222bd148466bcbead6},
document_type={Article},
source={Scopus},
}

@ARTICLE{Bourdieu197353,
author={Bourdieu, P.},
title={The three forms of theoretical knowledge},
journal={Social Science Information},
year={1973},
volume={12},
number={1},
pages={53-80},
doi={10.1177/053901847301200103},
note={cited By 80},
url={https://www.scopus.com/inward/record.uri?eid=2-s2.0-4344709624&doi=10.1177%2f053901847301200103&partnerID=40&md5=eb52d388939fcb876b3db40a25d1a599},
document_type={Article},
source={Scopus},
}

@ARTICLE{Bourdieu197361,
author={Bourdieu, P. and Boltanski, L. and de Saint Martin, M.},
title={Les Stratégies de Reconversion: Les Classes Sociales et le Système D'Enseignement},
journal={Social Science Information},
year={1973},
volume={12},
number={5},
pages={61-113},
doi={10.1177/053901847301200503},
note={cited By 67},
url={https://www.scopus.com/inward/record.uri?eid=2-s2.0-0041797742&doi=10.1177%2f053901847301200503&partnerID=40&md5=d8dcc60f71bbc6b3b59cbc02b0e2091c},
document_type={Article},
source={Scopus},
}

@ARTICLE{Bourdieu197345,
author={Bourdieu, J.P.},
title={The conjunctivitis epidemic observed in Morocco in 1971 [A propos de l'épidémie de conjonctivite observée au Maroc en 1971.]},
journal={Maroc medical},
year={1973},
volume={53},
number={564},
pages={45-60},
note={cited By 3},
url={https://www.scopus.com/inward/record.uri?eid=2-s2.0-0015546985&partnerID=40&md5=764ff472a76f5aba766a40ff608e6058},
document_type={Article},
source={Scopus},
}

@ARTICLE{Bourdieu197145,
author={Bourdieu, P.},
title={Reproduction culturelle et reproduction sociale},
journal={Social Science Information},
year={1971},
volume={10},
number={2},
pages={45-79},
doi={10.1177/053901847101000203},
note={cited By 29},
url={https://www.scopus.com/inward/record.uri?eid=2-s2.0-2942661679&doi=10.1177%2f053901847101000203&partnerID=40&md5=6c7785dbd38b9b88f6fa624c1730d5ba},
document_type={Article},
source={Scopus},
}

@ARTICLE{Bourdieu19713,
author={Bourdieu, P.},
title={Une interprétation de la théorie de la religion selon Max Weber},
journal={European Journal of Sociology},
year={1971},
volume={12},
number={1},
pages={3-21},
doi={10.1017/S0003975600002174},
note={cited By 138},
url={https://www.scopus.com/inward/record.uri?eid=2-s2.0-0003388709&doi=10.1017%2fS0003975600002174&partnerID=40&md5=6fbd634fbb75b00c29d6d5ab0bdce382},
document_type={Article},
source={Scopus},
}

@ARTICLE{Bourdieu1970151,
author={Bourdieu, P.},
title={The Berber house or the world reversed},
journal={Social Science Information},
year={1970},
volume={9},
number={2},
pages={151-170},
doi={10.1177/053901847000900213},
note={cited By 117},
url={https://www.scopus.com/inward/record.uri?eid=2-s2.0-84973179188&doi=10.1177%2f053901847000900213&partnerID=40&md5=eab1b7a0e7f249fa197e8d868068d9c7},
document_type={Article},
source={Scopus},
}

@ARTICLE{Bourdieu196989,
author={Bourdieu, P.},
title={Intellectual field and creative project},
journal={Social Science Information},
year={1969},
volume={8},
number={2},
pages={89-119},
doi={10.1177/053901846900800205},
note={cited By 151},
url={https://www.scopus.com/inward/record.uri?eid=2-s2.0-0039525971&doi=10.1177%2f053901846900800205&partnerID=40&md5=98d0120928daa0247af03eba62507142},
document_type={Article},
source={Scopus},
}

@ARTICLE{Bourdieu1966201,
author={Bourdieu, P.},
title={Condition de classe et position de classe},
journal={European Journal of Sociology},
year={1966},
volume={7},
number={2},
pages={201-223},
doi={10.1017/S0003975600001417},
note={cited By 56},
url={https://www.scopus.com/inward/record.uri?eid=2-s2.0-16644381683&doi=10.1017%2fS0003975600001417&partnerID=40&md5=b6a478e5b8e5be20175e62c39015dd10},
document_type={Article},
source={Scopus},
}
